@comment{
Contiene la bibliografia de la tesis.
}

60
@article{Mahmood2009improvingrecommender,
  title={Improving recommender systems with adaptive conversational strategies},
  author={ T., Mahmood and F., Ricci},
  journal={Cattuto, C.,  Ruffo G. and Menczer  F. (eds.) Hypertext },
  volume={},
  number={},
  pages={73--82},
  year={2009},
  publisher={ACM}
}

47
@article{Jannach2006recommendersystems,
  title={Finding preferred query relaxations in content-based recommenders},
  author={D., Jannach},
  journal={3rd International IEEE Conference on Intelligent Systems },
  volume={},
  number={},
  pages={355--360},
  year={2006},
  publisher={IEEE}
}


@inproceedings{he2009time,
  title={A time-context-based collaborative filtering algorithm},
  author={L., He and F., Wu},
  booktitle={Granular Computing, 2009, GRC'09. IEEE International Conference on},
  pages={209--213},
  year={2009},
  organization={IEEE}
}

@inproceedings{bedi2011aspect,
  title={Aspect-Oriented Mobility-Aware Recommender System},
  author={P., Bedi and S. Kr., Agarwal},
  booktitle={Information and Communication Technologies (WICT), 2011 World Congress on},
  pages={191--196},
  year={2011},
  organization={IEEE}
}

@article{vargas2011effects,
  title={Effects of relevant contextual features in the performance of a restaurant recommender system},
  author={B.,Vargas-Govea and G., Gonz{\'a}lez-Serna and R., Ponce-Medell{\i}n},
  journal={ACM RecSys},
  volume={11},
  pages={592},
  year={2011}
}

@inproceedings{bedi2012situation,
  title={A situation-aware proactive recommender system},
  author={P., Bedi and S.K., Agarwal},
  booktitle={Hybrid Intelligent Systems (HIS), 2012 12th International Conference on},
  pages={85--89},
  year={2012},
  organization={IEEE}
}

@article{hussein2013context,
  title={Context-aware recommendations on rails},
  author={T., Hussein and W., Gaulke and T., Linder  and J., Ziegler},
  year={2013}
}

@inproceedings{fenza2011hybrid,
  title={A hybrid context aware system for tourist guidance based on collaborative filtering},
  author={G., Fenza and E., Fischetti and D., Fumo and V., Loia},
  booktitle={Fuzzy Systems (FUZZ), 2011 IEEE International Conference on},
  pages={131--138},
  year={2011},
  organization={IEEE}
}

@inproceedings{waga2011context,
  title={Context aware recommendation of location-based data},
  author={ K., Waga and A., Tabarcea and P., Fr{\"a}nti},
  booktitle={Proceedings of the 15th International Conference on System Theory, Control, and Computing},
  pages={1--6},
  year={2011}
}

@inproceedings{meehan2013context,
  title={Context-aware intelligent recommendation system for tourism},
  author={K., Meehan and T., Lunney and K., Curran and A., McCaughey},
  booktitle={Pervasive Computing and Communications Workshops (PERCOM Workshops), 2013 IEEE International Conference on},
  pages={328--331},
  year={2013},
  organization={IEEE}
}

@article{lu2015recommender,
  title={Recommender system application developments: a survey},
  author={J., Lu and  D., Wu and M., Mao and W., Wang and G., Zhang},
  journal={Decision Support Systems},
  volume={74},
  pages={12--32},
  year={2015},
  publisher={Elsevier}
}

//inicia referencias de fuzzy sets.

@article{zadeh1965fuzzy,
  title={Fuzzy sets},
  author={L.A., Zadeh},
  journal={Information and control},
  volume={8},
  number={3},
  pages={338--353},
  year={1965},
  publisher={Elsevier}
}

@article{saffiotti1995multivalued,
  title={A multivalued logic approach to integrating planning and control},
  author={A., Saffiotti and K., Konolige and E.H., Ruspini },
  journal={Artificial intelligence},
  volume={76},
  number={1},
  pages={481--526},
  year={1995},
  publisher={Elsevier}
}

@article{norton2003ims,
  title={IMS Simple Sequencing Information and Behavior Model, Version 1.0 Final Specification},
  author={M., Norton and A., Panar},
  journal={IMS Global Learning Consortium},
  year={2003}
}

@book{fling2009mobile,
  title={Mobile Design and Development: Practical concepts and techniques for creating mobile sites and web apps},
  author={B., Fling},
  year={2009},
  publisher={" O'Reilly Media, Inc."}
}

@inproceedings{lim2009assessing,
  title={Assessing demand for intelligibility in context-aware applications},
  author={B.Y., Lim and A.K., Dey},
  booktitle={Proceedings of the 11th international conference on Ubiquitous computing},
  pages={195--204},
  year={2009},
  organization={ACM}
}


%%%%%%METHOD BIBLIOGRAPHY

@article{dey2001understanding,
  title={Understanding and using context},
  author={A.K., Dey},
  journal={Personal and ubiquitous computing},
  volume={5},
  number={1},
  pages={4--7},
  year={2001},
  publisher={Springer-Verlag}
}
@ARTICLE{adomavicius2011context,
  title={Context-aware recommender systems},
  author={G., Adomavicius and A.,Tuzhilin},
  booktitle={Recommender systems handbook},
  pages={217--253},
  year={2011},
  publisher={Springer}
}

@article{pan2006online,
  title={Online information search: vacation planning process},
  author={B., Pan and D.R. Fesenmaier},
  journal={Annals of Tourism Research},
  volume={33},
  number={3},
  pages={809--832},
  year={2006},
  publisher={Elsevier}
}
@article{auty1992consumer,
  title={Consumer choice and segmentation in the restaurant industry},
  author={S., Auty},
  journal={Service Industries Journal},
  volume={12},
  number={3},
  pages={324--339},
  year={1992},
  publisher={Taylor \& Francis}
}
@article{jack1997restaurant,
  title={Restaurant marketing: selection and segmentation in Hong Kong},
  author={J., Kivela},
  journal={International Journal of Contemporary Hospitality Management},
  volume={9},
  number={3},
  pages={116--123},
  year={1997},
  publisher={MCB UP Ltd}
}
@article{zedeh1989knowledge,
  title={Knowledge representation in fuzzy logic},
  author={L.A., Zadeh},
  journal={Knowledge and Data Engineering, IEEE Transactions on},
  volume={1},
  number={1},
  pages={89--100},
  year={1989},
  publisher={IEEE}
}


@ARTICLE{ramirez2014post,
  title={Post-filtering for a restaurant context-aware recommender system},
  author={X., Ramirez-Garcia and M., Garc{\'\i}a-Valdez},
  booktitle={Recent Advances on Hybrid Approaches for Designing Intelligent Systems},
  pages={695--707},
  year={2014},
  publisher={Springer}
}

@article{huq2010automated,
  title={Automated music emotion recognition: A systematic evaluation},
  author={A., Huq and J.P., Bello and R., Rowe},
  journal={Journal of New Music Research},
  volume={39},
  number={3},
  pages={227--244},
  year={2010},
  publisher={Taylor \& Francis}
}

@article{morris2001experience,
  title={Experience Modeling: How are they made and what do they offer},
  author={M., Morris and A., Lund},
  journal={LOOP: AIGA Journal of Interaction Design Education},
  number={7},
  year={2001}
}

%%%BIBLIO DE SECCION EXPERIMENTS

@inproceedings{baltrunas2009context,
  title={Context-based splitting of item ratings in collaborative filtering},
  author={L., Baltrunas and F., Ricci},
  booktitle={Proceedings of the third ACM conference on Recommender systems},
  pages={245--248},
  year={2009},
  organization={ACM}
}

@inproceedings{baltrunas2009towards,
  title={Towards time-dependant recommendation based on implicit feedback},
  author={L., Baltrunas and X., Amatriain},
  booktitle={Workshop on context-aware recommender systems (CARSâ€™09)},
  year={2009}
}

@article{koren2010collaborative,
  title={Collaborative filtering with temporal dynamics},
  author={Y., Koren},
  journal={Communications of the ACM},
  volume={53},
  number={4},
  pages={89--97},
  year={2010},
  publisher={ACM}
}

@inproceedings{he2009time,
  title={A time-context-based collaborative filtering algorithm},
  author={L., He and F., Wu},
  booktitle={Granular Computing, 2009, GRC'09. IEEE International Conference on},
  pages={209--213},
  year={2009},
  organization={IEEE}
}

%URL: http://students.depaul.edu/~yzheng8/DataSets.html
@article{linkzeng,
  title={Context-aware datasets.},
  author={Y., Zheng},
  year={},
 url={http://students.depaul.edu/~yzheng8/DataSets.html},
 journal={Date: November, 2015},
}

@book{zheng2012differential,
  title={Differential context relaxation for context-aware travel recommendation},
  author={Y., Zheng and R., Burke  and B., Mobasher},
  year={2012},
  publisher={Springer}
}

@inproceedings{zheng2014context,
  title={Context recommendation using multi-label classification},
  author={Y., Zheng and B., Mobasher and R., Burke},
  booktitle={Web Intelligence (WI) and Intelligent Agent Technologies (IAT), 2014 IEEE/WIC/ACM International Joint Conferences on},
  volume={2},
  pages={288--295},
  year={2014},
  organization={IEEE}
}

%%%%MATRIX FACTORIZATION BIBLIO

@INPROCEEDINGS{guo2013novel,
  author = {G., Guo and J., Zhang and N., Yorke-Smith},
  title = {A Novel Bayesian Similarity Measure for Recommender Systems},
  booktitle = {Proceedings of the 23rd International Joint Conference on Artificial Intelligence (IJCAI)},
  year = {2013},
  pages = {2619-2625}
}


@article{tzanetakis2002musical,
  title={Musical genre classification of audio signals},
  author={G., Tzanetakis and P., Cook},
  journal={Speech and Audio Processing, IEEE transactions on},
  volume={10},
  number={5},
  pages={293--302},
  year={2002},
  publisher={IEEE}
}

//introduccion

@article{bulander2005enabling,
  title={Enabling personalized and context sensitive mobile advertising while guaranteeing data protection},
  author={R., Bulander and M., Decker and B., Kolmel and G., Schiefer},
  journal={Proceedings of EURO mGOV 2005},
  pages={445C454},
  year={2005}
}

@inproceedings{baltrunas2011incarmusic,
  title={InCarMusic: Context-Aware Music Recommendations in a Car.},
  author={L., Baltrunas and  M., Kaminskas  and B., Ludwig  and O., Moling and F., Ricci and  A., Aydin and  L., Karl-Heinz  and R., Schwaiger},
  booktitle={EC-Web},
  volume={11},
  pages={89--100},
  year={2011},
  organization={Springer}
}

@inproceedings{liu2011personalized,
  title={Personalized travel package recommendation},
  author={Q., Liu and Y., Ge and Z., Li and E., Chen and H., Xiong},
  booktitle={Data Mining (ICDM), 2011 IEEE 11th International Conference on},
  pages={407--416},
  year={2011},
  organization={IEEE}
}

@article{liu2014cocktail,
  title={A cocktail approach for travel package recommendation},
  author={Q., Liu and E., Chen and H., Xiong and  Y., Ge  and Z., Li and X., Wu},
  journal={Knowledge and Data Engineering, IEEE Transactions on},
  volume={26},
  number={2},
  pages={278--293},
  year={2014},
  publisher={IEEE}
}

@article{eyjolfsdottir2010moviegen,
  title={Moviegen: A movie recommendation system},
  author={E.A., Eyjolfsdottir and G., Tilak and N., Li},
  journal={UC Santa Barbara: Technical Report},
  year={2010}
}


%STATE OF THE ART BIBLIOGRAPHY

@inproceedings{manca2014mining,
  title={Mining User Behavior in a Social Bookmarking System-A Delicious Friend Recommender System.},
  author={M., Manca and L., Boratto and S., Carta},
  booktitle={DATA},
  pages={331--338},
  year={2014}
}

@inproceedings{castro2012prototype,
  title={Prototype of a tourism recommender system},
  author={L., Castro and S., Aciar},
  booktitle={Informatica (CLEI), 2012 XXXVIII Conferencia Latinoamericana En},
  pages={1--7},
  year={2012},
  organization={IEEE}
}

@inproceedings{yao2012product,
  title={Product recommendation based on search keywords},
  author={J., Yao and  R., Yang and Z., Chen},
  booktitle={Web Information Systems and Applications Conference (WISA), 2012 Ninth},
  pages={67--70},
  year={2012},
  organization={IEEE}
}

@inproceedings{golbeck2006filmtrust,
  title={Filmtrust: Movie recommendations using trust in web-based social networks},
  author={J., Golbeck and J., Hendler and others.},
  booktitle={Proceedings of the IEEE Consumer communications and networking conference},
  volume={96},
  pages={282--286},
  year={2006},
  organization={Citeseer}
}

@inproceedings{martinez2009reja,
  title={Reja: A georeferenced hybrid recommender system for restaurants},
  author={L., Martinez and R.M., Rodriguez and M., Espinilla},
  booktitle={Proceedings of the 2009 IEEE/WIC/ACM International Joint Conference on Web Intelligence and Intelligent Agent Technology-Volume 03},
  pages={187--190},
  year={2009},
  organization={IEEE Computer Society}
}

@inproceedings{burke1999integrating,
  title={Integrating knowledge-based and collaborative-filtering recommender systems},
  author={R., Burke},
  booktitle={Proceedings of the Workshop on AI and Electronic Commerce},
  pages={69--72},
  year={1999}
}

@article{balabanovic1997fab,
  title={Fab: content-based, collaborative recommendation},
  author={M., Balabanovi{\'c} and Y., Shoham},
  journal={Communications of the ACM},
  volume={40},
  number={3},
  pages={66--72},
  year={1997},
  publisher={ACM}
}

@inproceedings{claypool1999combining,
  title={Combining content-based and collaborative filters in an online newspaper},
  author={M., Claypool and A., Gokhale and T., Miranda and P., Murnikov and D., Netes and M., Sartin},
  booktitle={Proceedings of ACM SIGIR workshop on recommender systems},
  volume={60},
  year={1999},
  organization={Citeseer}
}

@article{pazzani1999framework,
  title={A framework for collaborative, content-based and demographic filtering},
  author={M.J., Pazzani},
  journal={Artificial Intelligence Review},
  volume={13},
  number={5-6},
  pages={393--408},
  year={1999},
  publisher={Springer}
}

@inproceedings{tran2000hybrid,
  title={Hybrid recommender systems for electronic commerce},
  author={T., Tran and R., Cohen},
  booktitle={Proc. Knowledge-Based Electronic Markets, Papers from the AAAI Workshop, Technical Report WS-00-04, AAAI Press},
  year={2000}
}


@article{al1999semantic,
  title={Semantic modeling and knowledge representation in multimedia databases},
  author={W., Al-Khatib and Y.F., Day and A., Ghafoor and P.B., Berra},
  journal={Knowledge and Data Engineering, IEEE Transactions on},
  volume={11},
  number={1},
  pages={64--80},
  year={1999},
  publisher={IEEE}
}

@incollection{bazire2005understanding,
  title={Understanding context before using it},
  author={M., Bazire and P., Br{\'e}zillon},
  booktitle={Modeling and using context},
  pages={29--40},
  year={2005},
  publisher={Springer}
}


@article{fischer2012context,
  title={Context-Aware systems-the Ê»rightÊ¼ information, at the Ê»rightÊ¼ time, in the Ê»rightÊ¼ place, in the Ê»rightÊ¼ way, to the Ê»rightÊ¼ person},
  author={G., Fischer},
  journal={AVI â€˜12, Capri Island, Italy},
  year={2012}
}


@article{baltrunas2012context,
  title={Context relevance assessment and exploitation in mobile recommender systems},
  author={L., Baltrunas and B., Ludwig and  S., Peer and F., Ricci},
  journal={Personal and Ubiquitous Computing},
  volume={16},
  number={5},
  pages={507--526},
  year={2012},
  publisher={Springer-Verlag}
}

@book{savage2012m,
  title={Iâ€™m feeling loco: A location based context aware recommendation system},
  author={N.S., Savage and M., Baranski and N., Chavez and T., H{\"o}llerer},
  year={2012},
  publisher={Springer}
}

@article{ortigosa2010entornos,
  title={Entornos de aprendizaje m{\'o}viles adaptativos y evaluaci{\'o}n: COMOLE y GESES (Adaptive mobile learning environments and evaluation: COMOLE and GESES)},
  author={A., Ortigosa and J., Bravo and R.M., Carro and E., Mart{\'\i}n},
  journal={Revista Iberoamericana de Educaci{\'o}n a Distancia},
  volume={13},
  number={2},
  pages={167},
  year={2010},
  publisher={Universidad Nacional de Educacion a Distancia (UNED)}
}

@inproceedings{schafer1999recommender,
  title={Recommender systems in e-commerce},
  author={J.B., Schafer and J. Konstan and J., Riedl},
  booktitle={Proceedings of the 1st ACM conference on Electronic commerce},
  pages={158--166},
  year={1999},
  organization={ACM}
}

@inproceedings{chu2013chinese,
  title={A Chinese restaurant recommendation system based on mobile context-aware services},
  author={C., Chu and S., Wu},
  booktitle={Mobile Data Management (MDM), 2013 IEEE 14th International Conference on},
  volume={2},
  pages={116--118},
  year={2013},
  organization={IEEE}
}


@inproceedings{ricci2012context,
  title={Context-aware music recommender systems: workshop keynote abstract},
  author={F., Ricci},
  booktitle={Proceedings of the 21st international conference companion on World Wide Web},
  pages={865--866},
  year={2012},
  organization={ACM}
}


@inproceedings{baltrunas2011context,
  title={Context-aware places of interest recommendations and explanations},
  author={L., Baltrunas and B., Ludwig and S., Peer and F., Ricci},
  booktitle={Joint Proceedings of the Workshop on Decision Making and Recommendation Acceptance Issues in Recommender Systems (DEMRA 2011) and the 2nd Workshop on User Models for Motivational Systems: The Affective and the Rational Routes to Persuasion (UMMS 2011). CEUR Workshop Proceedings},
  volume={740},
  pages={19--26},
  year={2011}
}

@incollection{barranco2012context,
  title={A context-aware mobile recommender system based on location and trajectory},
  author={M., Barranco and J.M., Noguera and J., Castro and L., Mart{\'\i}nez},
  booktitle={Management intelligent systems},
  pages={153--162},
  year={2012},
  publisher={Springer}
}

%Recommender systems book and handbook
@book{jannach2010recommender,
  title={Recommender systems: an introduction},
  author={D., Jannach and M., Zanker  and A., Felfernig and G., Friedrich},
  year={2010},
  publisher={Cambridge University Press}
}

@book{ricci2011introduction,
  title={Introduction to recommender systems handbook},
  author={F., Ricci and B., Rokach and B., Shapira},
  year={2011},
  publisher={Springer}
}

@article{resnick1997recommender,
  title={Recommender systems},
  author={P., Resnick and H.R., Varian},
  journal={Communications of the ACM},
  volume={40},
  number={3},
  pages={56--58},
  year={1997},
  publisher={ACM}
}

@inproceedings{mahmood2009improving,
  title={Improving recommender systems with adaptive conversational strategies},
  author={T., Mahmood and F., Ricci},
  booktitle={Proceedings of the 20th ACM conference on Hypertext and hypermedia},
  pages={73--82},
  year={2009},
  organization={ACM}
}

@inproceedings{mcsherry2009differentially,
  title={Differentially private recommender systems: building privacy into the net},
  author={F., McSherry and I., Mironov},
  booktitle={Proceedings of the 15th ACM SIGKDD international conference on Knowledge discovery and data mining},
  pages={627--636},
  year={2009},
  organization={ACM}
}

@article{lewis1981restaurant,
  title={Restaurant Advertising-Appeals and Consumers Intentions},
  author={R.C., Lewis},
  journal={Journal of advertising research},
  volume={21},
  number={5},
  pages={69--74},
  year={1981},
  publisher={ADVERTISING RES FOUNDATION 641 LEXINGTON AVE, NEW YORK, NY 10022}
}

@article{jang2009perceived,
  title={Perceived quality, emotions, and behavioral intentions: Application of an extended Mehrabian--Russell model to restaurants},
  author={S.S., Jang and Y., Namkung},
  journal={Journal of Business Research},
  volume={62},
  number={4},
  pages={451--460},
  year={2009},
  publisher={Elsevier}
}

@article{cena2006integrating,
  title={Integrating heterogeneous adaptation techniques to build a flexible and usable mobile tourist guide},
  author={F., Cena and L., Console and C., Gena and A., Goy and G., Levi and S., Modeo and I., Torre},
  journal={AI Communications},
  volume={19},
  number={4},
  pages={369--384},
  year={2006},
  publisher={IOS Press}
}

@inproceedings{bulander2005comparison,
  title={Comparison of different approaches for mobile advertising},
  author={R., Bulander and M., Decker and G., Schiefer and B., K{\"o}lmel},
  booktitle={Mobile Commerce and Services, 2005. WMCS'05. The Second IEEE International Workshop on},
  pages={174--182},
  year={2005},
  organization={IEEE}
}

@inproceedings{schifanella2008mobhinter,
  title={Mobhinter: epidemic collaborative filtering and self-organization in mobile ad-hoc networks},
  author={R., Schifanella and A., Panisson and C., Gena and G., Ruffo},
  booktitle={Proceedings of the 2008 ACM conference on Recommender systems},
  pages={27--34},
  year={2008},
  organization={ACM}
}

%estate of the article
@article{abowd1997cyberguide,
  title={Cyberguide: A mobile context-aware tour guide},
  author={G.D., Abowd and C.G., Atkeson and J., Hong and S., Long and R., Kooper and M., Pinkerton},
  journal={Wireless networks},
  volume={3},
  number={5},
  pages={421--433},
  year={1997},
  publisher={Springer-Verlag New York, Inc.}
}

@article{tumas2009personalized,
  title={Personalized mobile city transport advisory system},
  author={G., Tumas and F., Ricci},
  journal={Information and Communication Technologies in Tourism 2009},
  pages={173--183},
  year={2009},
  publisher={Springer}
}

@book{yu2009personalized,
  title={Personalized location-based recommendation services for tour planning in mobile tourism applications},
  author={C., Yu and H., Chang},
  year={2009},
  publisher={Springer}
}

@inproceedings{reddy2006lifetrak,
  title={Lifetrak: music in tune with your life},
  author={S., Reddy and J., Mascia},
  booktitle={Proceedings of the 1st ACM international workshop on Human-centered multimedia},
  pages={25--34},
  year={2006},
  organization={ACM}
}

%FUZZY SYSTEMS

@book{siler2005fuzzy,
  title={Fuzzy expert systems and fuzzy reasoning},
  author={W., Siler and J.J., Buckley},
  year={2005},
  publisher={John Wiley \& Sons}
}

@article{babuvska1996fuzzy,
  title={Fuzzy Systems, Modeling and Identification},
  author={R., Babu{\v{s}}ka},
  journal={Department of Electrical Engineering, Delft University of Technology},
  year={1996}
}

@book{brachman1992knowledge,
  title={Knowledge representation},
  author={R.J., Brachman and H.J., Levesque  and R., Reiter},
  year={1992},
  publisher={MIT press}
}

@book{konar2006computational,
  title={Computational intelligence: principles, techniques and applications},
  author={A., Konar},
  year={2006},
  publisher={Springer Science \& Business Media}
}

@book{dubois1980fuzzy,
  title={Fuzzy sets and systems: theory and applications},
  author={D.J., Dubois},
  volume={144},
  year={1980},
  publisher={Academic press}
}

//seccion Context ****************************

@article{dourish2004we,
  title={What we talk about when we talk about context},
  author={P., Dourish},
  journal={Personal and ubiquitous computing},
  volume={8},
  number={1},
  pages={19--30},
  year={2004},
  publisher={Springer}
}

@book{albert2013measuring,
  title={Measuring the user experience: collecting, analyzing, and presenting usability metrics},
  author={W., Albert and T., Tullis},
  year={2013},
  publisher={Newnes}
}

@article{chiou2010adaptive,
  title={An adaptive navigation support system for conducting context-aware ubiquitous learning in museums},
  author={C., Chiou and J., Tseng and G., Hwang and S., Heller},
  journal={Computers \& Education},
  volume={55},
  number={2},
  pages={834--845},
  year={2010},
  publisher={Elsevier}
}

@article{noguera2012mobile,
  title={A mobile 3D-GIS hybrid recommender system for tourism},
  author={J.M., Noguera and M.J., Barranco and R.J., Segura and L., Mart{\'\i}nez},
  journal={Information Sciences},
  volume={215},
  pages={37--52},
  year={2012},
  publisher={Elsevier}
}

@article{adomavicius2005toward,
  title={Toward the next generation of recommender systems: A survey of the state-of-the-art and possible extensions},
  author={G., Adomavicius and A., Tuzhilin},
  journal={Knowledge and Data Engineering, IEEE Transactions on},
  volume={17},
  number={6},
  pages={734--749},
  year={2005},
  publisher={},
}

%% COLD START PROBLEMS
@incollection{pazzani2007content,
  title={Content-based recommendation systems},
  author={M.J., Pazzani and D., Billsus},
  booktitle={The adaptive web},
  pages={325--341},
  year={2007},
  publisher={Springer}
}

@article{pazzani1997learning,
  title={Learning and revising user profiles: The identification of interesting web sites},
  author={M.J., Pazzani and D., Billsus},
  journal={Machine learning},
  volume={27},
  number={3},
  pages={313--331},
  year={1997},
  publisher={Springer}
}

@article{huang2004applying,
  title={Applying associative retrieval techniques to alleviate the sparsity problem in collaborative filtering},
  author={Z., Huang and H., Chen and D., Zeng},
  journal={ACM Transactions on Information Systems (TOIS)},
  volume={22},
  number={1},
  pages={116--142},
  year={2004},
  publisher={ACM}
}

@article{goldberg2001eigentaste,
  title={Eigentaste: A constant time collaborative filtering algorithm},
  author={K., Goldberg and T., Roeder and D., Gupta and C., Perkins},
  journal={Information Retrieval},
  volume={4},
  number={2},
  pages={133--151},
  year={2001},
  publisher={Springer}
}

@inproceedings{rashid2002getting,
  title={Getting to know you: learning new user preferences in recommender systems},
  author={A.M., Rashid and I., Albert and D., Cosley and S.K., Lam and S.M., McNee and J.A., Konstan and J., Riedl},
  booktitle={Proceedings of the 7th international conference on Intelligent user interfaces},
  pages={127--134},
  year={2002},
  organization={ACM}
}

@inproceedings{billsus1999personal,
  title={A personal news agent that talks, learns and explains},
  author={D., Billsus and M.J., Pazzani},
  booktitle={Proceedings of the third annual conference on Autonomous Agents},
  pages={268--275},
  year={1999},
  organization={ACM}
}

@inproceedings{abowd1999towards,
  title={Towards a better understanding of context and context-awareness},
  author={G.D., Abowd and A.K., Dey and  P.J., Brown and N., Davies and M., Smith  and P., Steggles},
  booktitle={Handheld and ubiquitous computing},
  pages={304--307},
  year={1999},
  organization={Springer}
}

@inproceedings{schilit1994context,
  title={Context-aware computing applications},
  author={B., Schilit and N., Adams and R., Want},
  booktitle={Mobile Computing Systems and Applications, 1994. WMCSA 1994. First Workshop on},
  pages={85--90},
  year={1994},
  organization={IEEE}
}

@inproceedings{pascoe1998adding,
  title={Adding generic contextual capabilities to wearable computers},
  author={J., Pascoe},
  booktitle={Wearable Computers, 1998. Digest of Papers. Second International Symposium on},
  pages={92--99},
  year={1998},
  organization={IEEE}
}

%%% USABILIDAD
@article{maguire2001context,
  title={Context of use within usability activities},
  author={M., Maguire},
  journal={International Journal of Human-Computer Studies},
  volume={55},
  number={4},
  pages={453--483},
  year={2001},
  publisher={Elsevier}
}

@book{international1998iso,
  title={ISO 9241-11: Ergonomic Requirements for Office Work with Visual Display Terminals (VDTs): Part 11: Guidance on Usability},
  author={International Organization for Standardization},
  year={1998}
}

@book{nielsen1994usability,
  title={Usability engineering},
  author={J., Nielsen},
  year={1994},
  publisher={Elsevier}
}

@article{sato2004context,
  title={Context-sensitive approach for interactive systems design: modular scenario-based methods for context representation},
  author={K., Sato},
  journal={Journal of physiological anthropology and applied human science},
  volume={23},
  number={6},
  pages={277--281},
  year={2004},
  publisher={Japan Society of Physiological Anthropology}
}



@book{kimball2011data,
  title={The data warehouse toolkit: the complete guide to dimensional modeling},
  author={R., Kimball and M., Ross},
  year={2011},
  publisher={John Wiley \& Sons}
}


%usabilidad
@book{dumas2008moderating,
  title={Moderating usability tests: Principles and practices for interacting},
  author={J.S., Dumas and B.A., Loring},
  year={2008},
  publisher={Morgan Kaufmann}
}

@book{shi2009empirical,
  title={An Empirical Study of Thinking Aloud Usability Testing from a Cultural Perspective},
  author={Q., Shi},
  year={2009},
  publisher={Copenhagen Business SchoolCopenhagen Business School, Institut for Informatik (Oph{\o}rt organisation) Department of Informatics}
}

@inproceedings{gong2004guidelines,
  title={Guidelines for handheld mobile device interface design},
  author={J., Gong and P., Tarasewich},
  booktitle={Proceedings of DSI 2004 Annual Meeting},
  pages={3751--3756},
  year={2004}
}

@inproceedings{garcia2007simple,
  title={Simple sequencing and selection of learning objects using fuzzy inference},
  author={M., Garc{\'\i}a-Valdez and O., Castillo and G., Licea and A., Alanis},
  booktitle={Fuzzy Information Processing Society, 2007. NAFIPS'07. Annual Meeting of the North American},
  pages={628--632},
  year={2007},
  organization={IEEE}
}

%%%%methods
@incollection{ramirez2013restaurant,
  title={Restaurant recommendations based on a domain model and fuzzy rules},
  author={X., Ram{\'\i}rez-Garc{\'\i}a and M., Garc{\'\i}a-Valdez },
  booktitle={Recent Advances on Hybrid Intelligent Systems},
  pages={533--546},
  year={2013},
  publisher={Springer}
}

@incollection{garcia2009hybrid,
  title={A hybrid recommender system architecture for learning objects},
  author={M., Garc{\'\i}a-Valdez and B., Parra},
  booktitle={Evolutionary Design of Intelligent Systems in Modeling, Simulation and Control},
  pages={205--211},
  year={2009},
  publisher={Springer}
}

